@misc{Dua2019,
  author = "Dua, Dheeru and Graff, Casey",
  year = "2017",
  title = "{UCI} Machine Learning Repository",
  url = "http://archive.ics.uci.edu/ml",
  institution = "University of California, Irvine, School of Information and Computer Sciences" 
}

@misc{rceZboril,
  author =       "František Zbořil",
  title =        "Neuronové sítě s RBF neurony",
  howpublished = "online",
  publisher =    "FIT VUT v~Brně",
  year =         "2019",
  month =        10,
  url =          "https://www.fit.vutbr.cz/study/courses/SFC/private/19sfc\_3.pdf",
  cited =        "2019-11-05"
}

@misc{antApache,
  author =       "Apache",
  title =        "The Apache Ant Project",
  publisher =    "Apache Ant Project",
  year =         "2019",
  url =          "https://www.fit.vutbr.cz/study/courses/SFC/private/19sfc\_3.pdf",
  cited =        "2019-11-05"
}